@Book{rif1,
	author = {oooo},
	title = {test},
	publisher = {test},
	year = {2000}
}
